@article{dit2013integrating,
  title={Integrating information retrieval, execution and link analysis algorithms to improve feature location in software},
  author={Dit, Bogdan and Revelle, Meghan and Poshyvanyk, Denys},
  journal={Empirical Software Engineering},
  volume={18},
  number={2},
  pages={277--309},
  year={2013},
  publisher={Springer}
}

@inproceedings{poshyvanyk2006combining,
  title={Combining probabilistic ranking and latent semantic indexing for feature identification},
  author={Poshyvanyk, Denys and Gu{\'e}h{\'e}neuc, Yann-Ga{\"e}l and Marcus, Andrian and Antoniol, Giuliano and Rajlich, V{\'a}clav},
  booktitle={Program Comprehension, 2006. ICPC 2006. 14th IEEE International Conference on},
  pages={137--148},
  year={2006},
  organization={IEEE}
}

@article{antoniol2006feature,
  title={Feature identification: An epidemiological metaphor},
  author={Antoniol, Giuliano and Gueheneuc, Yann-Gael},
  journal={Software Engineering, IEEE Transactions on},
  volume={32},
  number={9},
  pages={627--641},
  year={2006},
  publisher={IEEE}
}

@article{biggerstaff1994program,
  title={Program understanding and the concept assignment problem},
  author={Biggerstaff, Ted J and Mitbander, Bharat G and Webster, Dallas E},
  journal={Communications of the ACM},
  volume={37},
  number={5},
  pages={72--82},
  year={1994}
}

@inproceedings{wilde1992locating,
  title={Locating user functionality in old code},
  author={Wilde, Norman and Gomez, Juan and Gust, Thomas and Strasburg, Douglas and others},
  booktitle={Software Maintenance, 1992. Proceerdings., Conference on},
  pages={200--205},
  year={1992},
  organization={IEEE}
}

@article{eisenbarth2003locating,
  title={Locating features in source code},
  author={Eisenbarth, Thomas and Koschke, Rainer and Simon, Daniel},
  journal={Software Engineering, IEEE Transactions on},
  volume={29},
  number={3},
  pages={210--224},
  year={2003},
  publisher={IEEE}
}

@article{wilde1995software,
  title={Software reconnaissance: mapping program features to code},
  author={Wilde, Norman and Scully, Michael C},
  journal={Journal of Software Maintenance: Research and Practice},
  volume={7},
  number={1},
  pages={49--62},
  year={1995},
  publisher={Wiley Online Library}
}

@inproceedings{salah2004hierarchy,
  title={A hierarchy of dynamic software views: from object-interactions to feature-interactions},
  author={Salah, Maher and Mancoridis, Spiros},
  booktitle={Software Maintenance, 2004. Proceedings. 20th IEEE International Conference on},
  pages={72--81},
  year={2004},
  organization={IEEE}
}

@inproceedings{antoniol2005feature,
  title={Feature identification: a novel approach and a case study},
  author={Antoniol, Giuliano and Gueheneuc, YannGael},
  booktitle={Software Maintenance, 2005. ICSM'05. Proceedings of the 21st IEEE International Conference on},
  pages={357--366},
  year={2005},
  organization={IEEE}
}

@inproceedings{chen2000case,
  title={Case Study of Feature Location Using Dependence Graph.},
  author={Chen, Kunrong and Rajlich, V{\'a}clav},
  booktitle={IWPC},
  pages={241},
  year={2000},
  organization={Citeseer}
}

@inproceedings{ottenstein1984program,
  title={The program dependence graph in a software development environment},
  author={Ottenstein, Karl J and Ottenstein, Linda M},
  booktitle={ACM Sigplan Notices},
  volume={19},
  number={5},
  pages={177--184},
  year={1984},
  organization={ACM}
}

@article{horwitz1990interprocedural,
  title={Interprocedural slicing using dependence graphs},
  author={Horwitz, Susan and Reps, Thomas and Binkley, David},
  journal={ACM Transactions on Programming Languages and Systems (TOPLAS)},
  volume={12},
  number={1},
  pages={26--60},
  year={1990},
  publisher={ACM}
}

@inproceedings{horwitz1992use,
  title={The use of program dependence graphs in software engineering},
  author={Horwitz, Susan and Reps, Thomas},
  booktitle={Proceedings of the 14th international conference on Software engineering},
  pages={392--411},
  year={1992},
  organization={ACM}
}

@inproceedings{marcus2004information,
  title={An information retrieval approach to concept location in source code},
  author={Marcus, Andrian and Sergeyev, Andrey and Rajlich, Vaclav and Maletic, Jonathan and others},
  booktitle={Reverse Engineering, 2004. Proceedings. 11th Working Conference on},
  pages={214--223},
  year={2004},
  organization={IEEE}
}

@inproceedings{mcmillan2011portfolio,
  title={Portfolio: finding relevant functions and their usage},
  author={McMillan, Collin and Grechanik, Mark and Poshyvanyk, Denys and Xie, Qing and Fu, Chen},
  booktitle={Software Engineering (ICSE), 2011 33rd International Conference on},
  pages={111--120},
  year={2011},
  organization={IEEE}
}

@inproceedings{allamanis2015suggesting,
  title={Suggesting accurate method and class names},
  author={Allamanis, Miltiadis and Barr, Earl T and Bird, Christian and Sutton, Charles},
  booktitle={Proceedings of the the joint meeting of the European Software Engineering Conference and the ACM SIGSOFT Symposium on The Foundations of Software Engineering (ESEC/FSE)},
  year={2015}
}

@inproceedings{allamanis2015bimodal,
  title={Bimodal Modelling of Source Code and Natural Language},
  author={Allamanis, Miltos and Tarlow, Daniel and Gordon, Andrew and Wei, Yi},
  booktitle={Proceedings of the 32nd International Conference on Machine Learning (ICML-15)},
  pages={2123--2132},
  year={2015}
}

@inproceedings{kiros2014multimodal,
  title={Multimodal neural language models},
  author={Kiros, Ryan and Salakhutdinov, Ruslan and Zemel, Rich},
  booktitle={Proceedings of the 31st International Conference on Machine Learning (ICML-14)},
  pages={595--603},
  year={2014}
}

@article{maddison2014structured,
  title={Structured generative models of natural source code},
  author={Maddison, Chris J and Tarlow, Daniel},
  journal={arXiv preprint arXiv:1401.0514},
  year={2014}
}

@article{mikolov2013efficient,
  title={Efficient estimation of word representations in vector space},
  author={Mikolov, Tomas and Chen, Kai and Corrado, Greg and Dean, Jeffrey},
  journal={arXiv preprint arXiv:1301.3781},
  year={2013}
}

@inproceedings{mnih2007three,
  title={Three new graphical models for statistical language modelling},
  author={Mnih, Andriy and Hinton, Geoffrey},
  booktitle={Proceedings of the 24th international conference on Machine learning},
  pages={641--648},
  year={2007},
  organization={ACM}
}

@inproceedings{mnih2013learning,
  title={Learning word embeddings efficiently with noise-contrastive estimation},
  author={Mnih, Andriy and Kavukcuoglu, Koray},
  booktitle={Advances in Neural Information Processing Systems},
  pages={2265--2273},
  year={2013}
}

@inproceedings{hindle2012naturalness,
  title={On the naturalness of software},
  author={Hindle, Abram and Barr, Earl T and Su, Zhendong and Gabel, Mark and Devanbu, Premkumar},
  booktitle={Software Engineering (ICSE), 2012 34th International Conference on},
  pages={837--847},
  year={2012},
  organization={IEEE}
}

@article{mnih2012fast,
  title={A fast and simple algorithm for training neural probabilistic language models},
  author={Mnih, Andriy and Teh, Yee Whye},
  journal={arXiv preprint arXiv:1206.6426},
  year={2012}
}

@inproceedings{nguyen2013statistical,
  title={A statistical semantic language model for source code},
  author={Nguyen, Tung Thanh and Nguyen, Anh Tuan and Nguyen, Hoan Anh and Nguyen, Tien N},
  booktitle={Proceedings of the 2013 9th Joint Meeting on Foundations of Software Engineering},
  pages={532--542},
  year={2013},
  organization={ACM}
}

@book{bird2009natural,
  title={Natural language processing with Python},
  author={Bird, Steven and Klein, Ewan and Loper, Edward},
  year={2009},
  publisher={" O'Reilly Media, Inc."}
}

@article{porter1980algorithm,
  title={An algorithm for suffix stripping},
  author={Porter, Martin F},
  journal={Program},
  volume={14},
  number={3},
  pages={130--137},
  year={1980},
  publisher={MCB UP Ltd}
}

@inproceedings{manning2014stanford,
  title={The Stanford CoreNLP natural language processing toolkit},
  author={Manning, Christopher D and Surdeanu, Mihai and Bauer, John and Finkel, Jenny and Bethard, Steven J and McClosky, David},
  booktitle={Proceedings of 52nd Annual Meeting of the Association for Computational Linguistics: System Demonstrations},
  pages={55--60},
  year={2014}
}

@misc{jconwellcorenlp,
  author = "John Conwell",
  title = "CoreNLP",
  year = "2015",
  howpublished = "\url{https://github.com/jconwell/coreNlp}",
  note = "[Online; accessed 2015-09-26]"
}

@article{le2014distributed,
  title={Distributed representations of sentences and documents},
  author={Le, Quoc V and Mikolov, Tomas},
  journal={arXiv preprint arXiv:1405.4053},
  year={2014}
}

@inproceedings{rehureklrec,
  title = {{Software Framework for Topic Modelling with Large Corpora}},
  author = {Radim {\v R}eh{\r u}{\v r}ek and Petr Sojka},
  booktitle = {{Proceedings of the LREC 2010 Workshop on New
     Challenges for NLP Frameworks}},
  pages = {45--50},
  year = 2010,
  month = May,
  day = 22,
  publisher = {ELRA},
  address = {Valletta, Malta},
  note={\url{http://is.muni.cz/publication/884893/en}},
     language={English}
}