@techreport{smyth2010forgotten,
  title={Forgotten your responsibilities? How password recovery threatens banking security},
  author={Smyth, Ben},
  year={2010},
  institution={School of Computer Science}
}

@article{kleuckerfallback,
  title={Fallback Authentication},
  author={Kleucker, Max},
  journal={Beyond the Desktop},
  pages={71}
}

@article{suh2003effect,
  title={Effect of trust on customer acceptance of Internet banking},
  author={Suh, Bomil and Han, Ingoo},
  journal={Electronic Commerce research and applications},
  volume={1},
  number={3},
  pages={247--263},
  year={2003},
  publisher={Elsevier}
}

@article{aladwani2001online,
  title={Online banking: a field study of drivers, development challenges, and expectations},
  author={Aladwani, Adel M},
  journal={International Journal of Information Management},
  volume={21},
  number={3},
  pages={213--225},
  year={2001},
  publisher={Elsevier}
}

@article{cheng2006adoption,
  title={Adoption of internet banking: an empirical study in Hong Kong},
  author={Cheng, TC Edwin and Lam, David YC and Yeung, Andy CL},
  journal={Decision support systems},
  volume={42},
  number={3},
  pages={1558--1572},
  year={2006},
  publisher={Elsevier}
}

@article{oghenerukeybe2009customers,
  title={Customers perception of security indicators in online banking sites in Nigeria},
  author={Oghenerukeybe, Egwali Annie},
  journal={Journal of Internet Banking and Commerce},
  volume={14},
  number={1},
  pages={1--15},
  year={2009}
}

@inproceedings{just2009personal,
  title={Personal choice and challenge questions: a security and usability assessment},
  author={Just, Mike and Aspinall, David},
  booktitle={Proceedings of the 5th Symposium on Usable Privacy and Security},
  pages={8},
  year={2009},
  organization={ACM}
}
